@ARTICLE{2014ApJ...780L..33M,
   author = {{McQuinn}, M.},
    title = "{Locating the ''Missing'' Baryons with Extragalactic Dispersion Measure Estimates}",
  journal = {\apjl},
archivePrefix = "arXiv",
   eprint = {1309.4451},
 primaryClass = "astro-ph.CO",
 keywords = {cosmology: theory, intergalactic medium, large-scale structure of universe, radio continuum: general},
     year = 2014,
    month = jan,
   volume = 780,
      eid = {L33},
    pages = {L33},
      doi = {10.1088/2041-8205/780/2/L33},
   adsurl = {http://adsabs.harvard.edu/abs/2014ApJ...780L..33M},
  adsnote = {Provided by the SAO/NASA Astrophysics Data System}
}

@ARTICLE{2014ApJ...797...70K,
   author = {{Kulkarni}, S.~R. and {Ofek}, E.~O. and {Neill}, J.~D. and {Zheng}, Z. and 
	{Juric}, M.},
    title = "{Giant Sparks at Cosmological Distances?}",
  journal = {\apj},
archivePrefix = "arXiv",
   eprint = {1402.4766},
 primaryClass = "astro-ph.HE",
 keywords = {galaxies: individual: SMC, ISM: general, pulsars: general, radio continuum: general},
     year = 2014,
    month = dec,
   volume = 797,
      eid = {70},
    pages = {70},
      doi = {10.1088/0004-637X/797/1/70},
   adsurl = {http://adsabs.harvard.edu/abs/2014ApJ...797...70K},
  adsnote = {Provided by the SAO/NASA Astrophysics Data System}
}

@ARTICLE{2014MNRAS.442L...9L,
   author = {{Lyubarsky}, Y.},
    title = "{A model for fast extragalactic radio bursts}",
  journal = {\mnras},
archivePrefix = "arXiv",
   eprint = {1401.6674},
 primaryClass = "astro-ph.HE",
 keywords = {magnetic fields, masers, radiation mechanisms: non-thermal, shock waves, stars: neutron},
     year = 2014,
    month = jul,
   volume = 442,
    pages = {L9-L13},
      doi = {10.1093/mnrasl/slu046},
   adsurl = {http://adsabs.harvard.edu/abs/2014MNRAS.442L...9L},
  adsnote = {Provided by the SAO/NASA Astrophysics Data System}
}

@ARTICLE{2007Sci...318..777L,
   author = {{Lorimer}, D.~R. and {Bailes}, M. and {McLaughlin}, M.~A. and 
	{Narkevic}, D.~J. and {Crawford}, F.},
    title = "{A Bright Millisecond Radio Burst of Extragalactic Origin}",
  journal = {Science},
archivePrefix = "arXiv",
   eprint = {0709.4301},
     year = 2007,
    month = nov,
   volume = 318,
    pages = {777-},
      doi = {10.1126/science.1147532},
   adsurl = {http://adsabs.harvard.edu/abs/2007Sci...318..777L},
  adsnote = {Provided by the SAO/NASA Astrophysics Data System}
}


@ARTICLE{2014ApJ...792..135T,
   author = {{Taylor}, M. and {Cinabro}, D. and {Dilday}, B. and {Galbany}, L. and 
	{Gupta}, R.~R. and {Kessler}, R. and {Marriner}, J. and {Nichol}, R.~C. and 
	{Richmond}, M. and {Schneider}, D.~P. and {Sollerman}, J.},
    title = "{The Core Collapse Supernova Rate from the SDSS-II Supernova Survey}",
  journal = {\apj},
archivePrefix = "arXiv",
   eprint = {1407.0999},
 primaryClass = "astro-ph.SR",
 keywords = {supernovae: general},
     year = 2014,
    month = sep,
   volume = 792,
      eid = {135},
    pages = {135},
      doi = {10.1088/0004-637X/792/2/135},
   adsurl = {http://adsabs.harvard.edu/abs/2014ApJ...792..135T},
  adsnote = {Provided by the SAO/NASA Astrophysics Data System}
}

@ARTICLE{2004ApJ...615..253P,
   author = {{Pfahl}, E. and {Loeb}, A.},
    title = "{Probing the Spacetime around Sagittarius A* with Radio Pulsars}",
  journal = {\apj},
   eprint = {astro-ph/0309744},
 keywords = {Black Hole Physics, Galaxy: Center, Stars: Pulsars: General},
     year = 2004,
    month = nov,
   volume = 615,
    pages = {253-258},
      doi = {10.1086/423975},
   adsurl = {http://adsabs.harvard.edu/abs/2004ApJ...615..253P},
  adsnote = {Provided by the SAO/NASA Astrophysics Data System}
}


@ARTICLE{2013Sci...341...53T,
   author = {{Thornton}, D. et al},
    title = "{A Population of Fast Radio Bursts at Cosmological Distances}",
  journal = {Science},
archivePrefix = "arXiv",
   eprint = {1307.1628},
 primaryClass = "astro-ph.HE",
     year = 2013,
    month = jul,
   volume = 341,
    pages = {53-56},
      doi = {10.1126/science.1236789},
   adsurl = {http://adsabs.harvard.edu/abs/2013Sci...341...53T},
  adsnote = {Provided by the SAO/NASA Astrophysics Data System}
}


@ARTICLE{2013Natur.501..391E,
   author = {{Eatough}, R.~P. et al },
    title = "{A strong magnetic field around the supermassive black hole at the centre of the Galaxy}",
  journal = {\nat},
archivePrefix = "arXiv",
   eprint = {1308.3147},
 primaryClass = "astro-ph.GA",
     year = 2013,
    month = sep,
   volume = 501,
    pages = {391-394},
      doi = {10.1038/nature12499},
   adsurl = {http://adsabs.harvard.edu/abs/2013Natur.501..391E},
  adsnote = {Provided by the SAO/NASA Astrophysics Data System}
}


@ARTICLE{2014ApJ...780L...2B,
   author = {{Bower}, G.~C. and {Deller}, A. and {Demorest}, P. and {Brunthaler}, A. and 
	{Eatough}, R. and {Falcke}, H. and {Kramer}, M. and {Lee}, K.~J. and 
	{Spitler}, L.},
    title = "{The Angular Broadening of the Galactic Center Pulsar SGR J1745-29: A New Constraint on the Scattering Medium}",
  journal = {\apjl},
archivePrefix = "arXiv",
   eprint = {1309.4672},
 primaryClass = "astro-ph.GA",
 keywords = {black hole physics, pulsars: general, pulsars: individual: SGR 1745-2900, scattering},
     year = 2014,
    month = jan,
   volume = 780,
      eid = {L2},
    pages = {L2},
      doi = {10.1088/2041-8205/780/1/L2},
   adsurl = {http://adsabs.harvard.edu/abs/2014ApJ...780L...2B},
  adsnote = {Provided by the SAO/NASA Astrophysics Data System}
}

@ARTICLE{2010A&A...515A..36K,
   author = {{Karuppusamy}, R. and {Stappers}, B.~W. and {van Straten}, W.
	},
    title = "{Giant pulses from the Crab pulsar. A wide-band study}",
  journal = {\aap},
archivePrefix = "arXiv",
   eprint = {1004.2803},
 primaryClass = "astro-ph.GA",
 keywords = {pulsars: individual: Crab pulsar},
     year = 2010,
    month = jun,
   volume = 515,
      eid = {A36},
    pages = {A36},
      doi = {10.1051/0004-6361/200913729},
   adsurl = {http://adsabs.harvard.edu/abs/2010A%26A...515A..36K},
  adsnote = {Provided by the SAO/NASA Astrophysics Data System}
}

@ARTICLE{2012ApJ...760...64M,
   author = {{Mickaliger}, M.~B. and {McLaughlin}, M.~A. and {Lorimer}, D.~R. and 
	{Langston}, G.~I. and {Bilous}, A.~V. and {Kondratiev}, V.~I. and 
	{Lyutikov}, M. and {Ransom}, S.~M. and {Palliyaguru}, N.},
    title = "{A Giant Sample of Giant Pulses from the Crab Pulsar}",
  journal = {\apj},
archivePrefix = "arXiv",
   eprint = {1210.0452},
 primaryClass = "astro-ph.HE",
 keywords = {gamma rays: general, pulsars: individual: PSR B0531+21, radiation mechanisms: non-thermal},
     year = 2012,
    month = nov,
   volume = 760,
      eid = {64},
    pages = {64},
      doi = {10.1088/0004-637X/760/1/64},
   adsurl = {http://adsabs.harvard.edu/abs/2012ApJ...760...64M},
  adsnote = {Provided by the SAO/NASA Astrophysics Data System}
}

@ARTICLE{2014arXiv1412.0610L,
   author = {{Lynch}, R.~S. and {Archibald}, R.~F. and {Kaspi}, V.~M. and 
	{Scholz}, P.},
    title = "{Green Bank Telescope and Swift X-ray Telescope Observations of the Galactic Center Radio Magnetar SGR J1745-2900}",
  journal = {ArXiv e-prints 1412.0610},
archivePrefix = "arXiv",
   eprint = {1412.0610},
 primaryClass = "astro-ph.HE",
 keywords = {Astrophysics - High Energy Astrophysical Phenomena},
     year = 2014,
    month = dec,
   adsurl = {http://adsabs.harvard.edu/abs/2014arXiv1412.0610L},
  adsnote = {Provided by the SAO/NASA Astrophysics Data System}
}

@ARTICLE{2014arXiv1412.0342P,
   author = {{Petroff}, E. et al},
    title = "{A real-time fast radio burst: polarization detection and multiwavelength follow-up}",
  journal = {ArXiv e-prints 1412.0342},
archivePrefix = "arXiv",
   eprint = {1412.0342},
 primaryClass = "astro-ph.HE",
 keywords = {Astrophysics - High Energy Astrophysical Phenomena},
     year = 2014,
    month = nov,
   adsurl = {http://adsabs.harvard.edu/abs/2014arXiv1412.0342P},
  adsnote = {Provided by the SAO/NASA Astrophysics Data System}
}


@ARTICLE{2009ApJ...702L.177D,
   author = {{Deneva}, J.~S. and {Cordes}, J.~M. and {Lazio}, T.~J.~W.},
    title = "{Discovery of Three Pulsars from a Galactic Center Pulsar Population}",
  journal = {\apjl},
archivePrefix = "arXiv",
   eprint = {0908.1331},
 primaryClass = "astro-ph.SR",
 keywords = {pulsars: general, pulsars: individual: J1746{\ndash}2850I J1746{\ndash}2850II J1745{\ndash}2910},
     year = 2009,
    month = sep,
   volume = 702,
    pages = {L177-L181},
      doi = {10.1088/0004-637X/702/2/L177},
   adsurl = {http://adsabs.harvard.edu/abs/2009ApJ...702L.177D},
  adsnote = {Provided by the SAO/NASA Astrophysics Data System}
}

@ARTICLE{1998ApJ...505..715L,
   author = {{Lazio}, T.~J.~W. and {Cordes}, J.~M.},
    title = "{Hyperstrong Radio-Wave Scattering in the Galactic Center. II. A Likelihood Analysis of Free Electrons in the Galactic Center}",
  journal = {\apj},
   eprint = {astro-ph/9804157},
 keywords = {GALAXY: CENTER, ISM: GENERAL, RADIO CONTINUUM: ISM, SCATTERING, Galaxy: Center, ISM: General, Radio Continuum: ISM, Scattering},
     year = 1998,
    month = oct,
   volume = 505,
    pages = {715-731},
      doi = {10.1086/306174},
   adsurl = {http://adsabs.harvard.edu/abs/1998ApJ...505..715L},
  adsnote = {Provided by the SAO/NASA Astrophysics Data System}
}

@ARTICLE{2014ApJ...785L..26L,
   author = {{Luan}, J. and {Goldreich}, P.},
    title = "{Physical Constraints on Fast Radio Bursts}",
  journal = {\apjl},
archivePrefix = "arXiv",
   eprint = {1401.1795},
 primaryClass = "astro-ph.HE",
 keywords = {radio continuum: general},
     year = 2014,
    month = apr,
   volume = 785,
      eid = {L26},
    pages = {L26},
      doi = {10.1088/2041-8205/785/2/L26},
   adsurl = {http://adsabs.harvard.edu/abs/2014ApJ...785L..26L},
  adsnote = {Provided by the SAO/NASA Astrophysics Data System}
}

@ARTICLE{2013ApJ...776..125M,
   author = {{Macquart}, J.-P. and {Koay}, J.~Y.},
    title = "{Temporal Smearing of Transient Radio Sources by the Intergalactic Medium}",
  journal = {\apj},
archivePrefix = "arXiv",
   eprint = {1308.4459},
 primaryClass = "astro-ph.CO",
 keywords = {plasmas, radiation mechanisms: non-thermal, scattering, waves},
     year = 2013,
    month = oct,
   volume = 776,
      eid = {125},
    pages = {125},
      doi = {10.1088/0004-637X/776/2/125},
   adsurl = {http://adsabs.harvard.edu/abs/2013ApJ...776..125M},
  adsnote = {Provided by the SAO/NASA Astrophysics Data System}
}

@ARTICLE{2014MNRAS.442.3338P,
   author = {{Pen}, U.-L. and {Levin}, Y.},
    title = "{Pulsar scintillations from corrugated reconnection sheets in the interstellar medium}",
  journal = {\mnras},
archivePrefix = "arXiv",
   eprint = {1302.1897},
 keywords = {magnetic reconnection, MHD, scattering, waves, ISM: general},
     year = 2014,
    month = aug,
   volume = 442,
    pages = {3338-3346},
      doi = {10.1093/mnras/stu1020},
   adsurl = {http://adsabs.harvard.edu/abs/2014MNRAS.442.3338P},
  adsnote = {Provided by the SAO/NASA Astrophysics Data System}
}

@INPROCEEDINGS{2014SPIE.9145E..22B,
   author = {{Bandura}, K. et al},
    title = "{Canadian Hydrogen Intensity Mapping Experiment (CHIME) pathfinder}",
booktitle = {Society of Photo-Optical Instrumentation Engineers (SPIE) Conference Series},
     year = 2014,
   series = {Society of Photo-Optical Instrumentation Engineers (SPIE) Conference Series},
   volume = 9145,
archivePrefix = "arXiv",
   eprint = {1406.2288},
 primaryClass = "astro-ph.IM",
    month = jul,
      eid = {914522},
    pages = {22},
      doi = {10.1117/12.2054950},
   adsurl = {http://adsabs.harvard.edu/abs/2014SPIE.9145E..22B},
  adsnote = {Provided by the SAO/NASA Astrophysics Data System}
}

@ARTICLE{2014A&A...562A.137F,
   author = {{Falcke}, H. and {Rezzolla}, L.},
    title = "{Fast radio bursts: the last sign of supramassive neutron stars}",
  journal = {\aap},
archivePrefix = "arXiv",
   eprint = {1307.1409},
 primaryClass = "astro-ph.HE",
 keywords = {pulsars: general, magnetic fields, gravitation, radiation mechanisms: non-thermal, gamma-ray burst: general, stars: neutron},
     year = 2014,
    month = feb,
   volume = 562,
      eid = {A137},
    pages = {A137},
      doi = {10.1051/0004-6361/201321996},
   adsurl = {http://adsabs.harvard.edu/abs/2014A%26A...562A.137F},
  adsnote = {Provided by the SAO/NASA Astrophysics Data System}
}

@ARTICLE{2014JCAP...11..040Y,
   author = {{Yu}, Y.-W. and {Cheng}, K.-S. and {Shiu}, G. and {Tye}, H.},
    title = "{Implications of fast radio bursts for superconducting cosmic strings}",
  journal = {\jcap},
archivePrefix = "arXiv",
   eprint = {1409.5516},
 primaryClass = "astro-ph.HE",
     year = 2014,
    month = nov,
   volume = 11,
      eid = {040},
    pages = {40},
      doi = {10.1088/1475-7516/2014/11/040},
   adsurl = {http://adsabs.harvard.edu/abs/2014JCAP...11..040Y},
  adsnote = {Provided by the SAO/NASA Astrophysics Data System}
}

@ARTICLE{2013ApJ...776L..39K,
   author = {{Kashiyama}, K. and {Ioka}, K. and {M{\'e}sz{\'a}ros}, P.},
    title = "{Cosmological Fast Radio Bursts from Binary White Dwarf Mergers}",
  journal = {\apjl},
archivePrefix = "arXiv",
   eprint = {1307.7708},
 primaryClass = "astro-ph.HE",
 keywords = {binaries: general, radio continuum: general, white dwarfs},
     year = 2013,
    month = oct,
   volume = 776,
      eid = {L39},
    pages = {L39},
      doi = {10.1088/2041-8205/776/2/L39},
   adsurl = {http://adsabs.harvard.edu/abs/2013ApJ...776L..39K},
  adsnote = {Provided by the SAO/NASA Astrophysics Data System}
}

@ARTICLE{2014MNRAS.439L..46L,
   author = {{Loeb}, A. and {Shvartzvald}, Y. and {Maoz}, D.},
    title = "{Fast radio bursts may originate from nearby flaring stars}",
  journal = {\mnras},
archivePrefix = "arXiv",
   eprint = {1310.2419},
 primaryClass = "astro-ph.HE",
 keywords = {stars: coronae, stars: flare, radio continuum: stars},
     year = 2014,
    month = mar,
   volume = 439,
    pages = {L46-L50},
      doi = {10.1093/mnrasl/slt177},
   adsurl = {http://adsabs.harvard.edu/abs/2014MNRAS.439L..46L},
  adsnote = {Provided by the SAO/NASA Astrophysics Data System}
}

@ARTICLE{2012ApJ...753..108W,
   author = {{Wharton}, R.~S. and {Chatterjee}, S. and {Cordes}, J.~M. and 
	{Deneva}, J.~S. and {Lazio}, T.~J.~W.},
    title = "{Multiwavelength Constraints on Pulsar Populations in the Galactic Center}",
  journal = {\apj},
archivePrefix = "arXiv",
   eprint = {1111.4216},
 primaryClass = "astro-ph.HE",
 keywords = {Galaxy: center, pulsars: general},
     year = 2012,
    month = jul,
   volume = 753,
      eid = {108},
    pages = {108},
      doi = {10.1088/0004-637X/753/2/108},
   adsurl = {http://adsabs.harvard.edu/abs/2012ApJ...753..108W},
  adsnote = {Provided by the SAO/NASA Astrophysics Data System}
}



@ARTICLE{2004ApJ...612..375C,
   author = {{Cordes}, J.~M. and {Bhat}, N.~D.~R. and {Hankins}, T.~H. and 
	{McLaughlin}, M.~A. and {Kern}, J.},
    title = "{The Brightest Pulses in the Universe: Multifrequency Observations of the Crab Pulsar's Giant Pulses}",
  journal = {\apj},
   eprint = {astro-ph/0304495},
 keywords = {ISM: Individual: Name: Crab Nebula, Stars: Pulsars: Individual: Name: Crab Pulsar, ISM: Supernova Remnants},
     year = 2004,
    month = sep,
   volume = 612,
    pages = {375-388},
      doi = {10.1086/422495},
   adsurl = {http://adsabs.harvard.edu/abs/2004ApJ...612..375C},
  adsnote = {Provided by the SAO/NASA Astrophysics Data System}
}



@ARTICLE{2003Natur.422..141H,
   author = {{Hankins}, T.~H. and {Kern}, J.~S. and {Weatherall}, J.~C. and 
	{Eilek}, J.~A.},
    title = "{Nanosecond radio bursts from strong plasma turbulence in the Crab pulsar}",
  journal = {\nat},
     year = 2003,
    month = mar,
   volume = 422,
    pages = {141-143},
   adsurl = {http://adsabs.harvard.edu/abs/2003Natur.422..141H},
  adsnote = {Provided by the SAO/NASA Astrophysics Data System}
}

@ARTICLE{2013PASJ...65L..12T,
   author = {{Totani}, T.},
    title = "{Cosmological Fast Radio Bursts from Binary Neutron Star Mergers}",
  journal = {\pasj},
archivePrefix = "arXiv",
   eprint = {1307.4985},
 primaryClass = "astro-ph.HE",
 keywords = {gravitational waves, radio continuum: general, stars: binaries: general, stars: neutron},
     year = 2013,
    month = oct,
   volume = 65,
    pages = {L12},
      doi = {10.1093/pasj/65.5.L12},
   adsurl = {http://adsabs.harvard.edu/abs/2013PASJ...65L..12T},
  adsnote = {Provided by the SAO/NASA Astrophysics Data System}
}

@ARTICLE{2015arXiv150101341P,
   author = {{Pen}, U.-L. and {Connor}, L.},
    title = "{Local Circumnuclear Magnetar Solution to Extragalactic Fast Radio Bursts}",
  journal = {ArXiv e-prints},
archivePrefix = "arXiv",
   eprint = {1501.01341},
 primaryClass = "astro-ph.HE",
 keywords = {Astrophysics - High Energy Astrophysical Phenomena},
     year = 2015,
    month = jan,
   adsurl = {http://adsabs.harvard.edu/abs/2015arXiv150101341P},
  adsnote = {Provided by the SAO/NASA Astrophysics Data System}
}

@ARTICLE{2012MNRAS.425.2501B,
   author = {{Bagchi}, M. and {Nieves}, A.~C. and {McLaughlin}, M.},
    title = "{A search for dispersed radio bursts in archival Parkes Multibeam Pulsar Survey data}",
  journal = {\mnras},
archivePrefix = "arXiv",
   eprint = {1207.2992},
 primaryClass = "astro-ph.HE",
 keywords = {atmospheric effects, methods: data analysis, surveys, pulsars: general, ISM: general, radio continuum: ISM},
     year = 2012,
    month = oct,
   volume = 425,
    pages = {2501-2506},
      doi = {10.1111/j.1365-2966.2012.21708.x},
   adsurl = {http://adsabs.harvard.edu/abs/2012MNRAS.425.2501B},
  adsnote = {Provided by the SAO/NASA Astrophysics Data System}
}



@ARTICLE{2014MNRAS.440L..36P,
   author = {{Pen}, U.-L. and {Macquart}, J.-P. and {Deller}, A.~T. and {Brisken}, W.
	},
    title = "{50 picoarcsec astrometry of pulsar emission}",
  journal = {\mnras},
archivePrefix = "arXiv",
   eprint = {1301.7505},
 primaryClass = "astro-ph.HE",
 keywords = {techniques: high angular resolution, pulsars: individual: B0834+06, ISM: structure astrometry},
     year = 2014,
    month = may,
   volume = 440,
    pages = {L36-L40},
      doi = {10.1093/mnrasl/slu010},
   adsurl = {http://adsabs.harvard.edu/abs/2014MNRAS.440L..36P},
  adsnote = {Provided by the SAO/NASA Astrophysics Data System}
}

@ARTICLE{2004ApJ...616..439S,
   author = {{Soglasnov}, V.~A. and {Popov}, M.~V. and {Bartel}, N. and {Cannon}, W. and 
	{Novikov}, A.~Y. and {Kondratiev}, V.~I. and {Altunin}, V.~I.
	},
    title = "{Giant Pulses from PSR B1937+21 with Widths {\lt}=15 Nanoseconds and T$_{b}${\gt}=5{\times}10$^{39}$ K, the Highest Brightness Temperature Observed in the Universe}",
  journal = {\apj},
   eprint = {astro-ph/0408285},
 keywords = {Methods: Data Analysis, Stars: Pulsars: General, Stars: Pulsars: Individual: Alphanumeric: PSR B1937+21, Radio Continuum: Stars, Stars: Neutron},
     year = 2004,
    month = nov,
   volume = 616,
    pages = {439-451},
      doi = {10.1086/424908},
   adsurl = {http://adsabs.harvard.edu/abs/2004ApJ...616..439S},
  adsnote = {Provided by the SAO/NASA Astrophysics Data System}
}


@ARTICLE{2009PhRvD..79h3530T,
   author = {{Tegmark}, M. and {Zaldarriaga}, M.},
    title = "{Fast Fourier transform telescope}",
  journal = {\prd},
archivePrefix = "arXiv",
   eprint = {0805.4414},
 keywords = {Observational cosmology},
     year = 2009,
    month = apr,
   volume = 79,
   number = 8,
      eid = {083530},
    pages = {083530},
      doi = {10.1103/PhysRevD.79.083530},
   adsurl = {http://adsabs.harvard.edu/abs/2009PhRvD..79h3530T},
  adsnote = {Provided by the SAO/NASA Astrophysics Data System}
}

@ARTICLE{2014ApJ...794..174P,
   author = {{Potter}, T.~M. and {Staveley-Smith}, L. and {Reville}, B. and 
	{Ng}, C.-Y. and {Bicknell}, G.~V. and {Sutherland}, R.~S. and 
	{Wagner}, A.~Y.},
    title = "{Multi-dimensional Simulations of the Expanding Supernova Remnant of SN 1987A}",
  journal = {\apj},
archivePrefix = "arXiv",
   eprint = {1409.4068},
 primaryClass = "astro-ph.HE",
 keywords = {acceleration of particles, hydrodynamics, ISM: supernova remnants, radio continuum: general, supernovae: individual: SN 1987A},
     year = 2014,
    month = oct,
   volume = 794,
      eid = {174},
    pages = {174},
      doi = {10.1088/0004-637X/794/2/174},
   adsurl = {http://adsabs.harvard.edu/abs/2014ApJ...794..174P},
  adsnote = {Provided by the SAO/NASA Astrophysics Data System}
}


@ARTICLE{2014ApJ...783L...7D,
   author = {{Dexter}, J. and {O'Leary}, R.~M.},
    title = "{The Peculiar Pulsar Population of the Central Parsec}",
  journal = {\apjl},
archivePrefix = "arXiv",
   eprint = {1310.7022},
 primaryClass = "astro-ph.GA",
 keywords = {Galaxy: center, pulsars: general, pulsars: individual: SGR J1745{\ndash}29, stars: neutron},
     year = 2014,
    month = mar,
   volume = 783,
      eid = {L7},
    pages = {L7},
      doi = {10.1088/2041-8205/783/1/L7},
   adsurl = {http://adsabs.harvard.edu/abs/2014ApJ...783L...7D},
  adsnote = {Provided by the SAO/NASA Astrophysics Data System}
}

@ARTICLE{2014ApJ...796...82Z,
   author = {{Zanardo}, G. and {Staveley-Smith}, L. and {Indebetouw}, R. and 
	{Chevalier}, R.~A. and {Matsuura}, M. and {Gaensler}, B.~M. and 
	{Barlow}, M.~J. and {Fransson}, C. and {Manchester}, R.~N. and 
	{Baes}, M. and {Kamenetzky}, J.~R. and {Laki{\'c}evi{\'c}}, M. and 
	{Lundqvist}, P. and {Marcaide}, J.~M. and {Mart{\'{\i}}-Vidal}, I. and 
	{Meixner}, M. and {Ng}, C.-Y. and {Park}, S. and {Sonneborn}, G. and 
	{Spyromilio}, J. and {van Loon}, J.~T.},
    title = "{Spectral and Morphological Analysis of the Remnant of Supernova 1987A with ALMA and ATCA}",
  journal = {\apj},
archivePrefix = "arXiv",
   eprint = {1409.7811},
 primaryClass = "astro-ph.HE",
 keywords = {ISM: supernova remnants, radiation mechanisms: non-thermal, radiation mechanisms: thermal, radio continuum: general, stars: neutron, supernovae: individual: SN 1987A},
     year = 2014,
    month = dec,
   volume = 796,
      eid = {82},
    pages = {82},
      doi = {10.1088/0004-637X/796/2/82},
   adsurl = {http://adsabs.harvard.edu/abs/2014ApJ...796...82Z},
  adsnote = {Provided by the SAO/NASA Astrophysics Data System}
}

@BOOK{2014ira..book.....B,
   author = {{Burke}, B.~F. and {Graham-Smith}, F.},
    title = "{An Introduction to Radio Astronomy}",
booktitle = {Infrared Astronomy},
     year = 2014,
    month = feb,
   adsurl = {http://adsabs.harvard.edu/abs/2014ira..book.....B},
  adsnote = {Provided by the SAO/NASA Astrophysics Data System}
}

@ARTICLE{2014ApJ...789L..26P,
   author = {{Petroff}, E. and {van Straten}, W. and {Johnston}, S. and {Bailes}, M. and 
	{Barr}, E.~D. and {Bates}, S.~D. and {Bhat}, N.~D.~R. and {Burgay}, M. and 
	{Burke-Spolaor}, S. and {Champion}, D. and {Coster}, P. and 
	{Flynn}, C. and {Keane}, E.~F. and {Keith}, M.~J. and {Kramer}, M. and 
	{Levin}, L. and {Ng}, C. and {Possenti}, A. and {Stappers}, B.~W. and 
	{Tiburzi}, C. and {Thornton}, D.},
    title = "{An Absence of Fast Radio Bursts at Intermediate Galactic Latitudes}",
  journal = {\apjl},
archivePrefix = "arXiv",
   eprint = {1405.5945},
 primaryClass = "astro-ph.HE",
 keywords = {intergalactic medium, ISM: general, scattering, surveys},
     year = 2014,
    month = jul,
   volume = 789,
      eid = {L26},
    pages = {L26},
      doi = {10.1088/2041-8205/789/2/L26},
   adsurl = {http://adsabs.harvard.edu/abs/2014ApJ...789L..26P},
  adsnote = {Provided by the SAO/NASA Astrophysics Data System}
}

@ARTICLE{1988A&A...202..166R,
   author = {{Rankin}, J.~M. and {Campbell}, D.~B. and {Isaacman}, R.~B. and 
	{Payne}, R.~R.},
    title = "{The Crab nebula - Secular variations in the Faraday rotation of the pulsar and the great 1974-1975 scattering event}",
  journal = {\aap},
 keywords = {Crab Nebula, Faraday Effect, Pulsars, Radio Scattering, Interstellar Space, Polarization Characteristics, Secular Variations, Supernova Remnants},
     year = 1988,
    month = aug,
   volume = 202,
    pages = {166-172},
   adsurl = {http://adsabs.harvard.edu/abs/1988A%26A...202..166R},
  adsnote = {Provided by the SAO/NASA Astrophysics Data System}
}

@ARTICLE{2008A&A...483...13K,
   author = {{Kuzmin}, A. and {Losovsky}, B.~Y. and {Jordan}, C.~A. and {Smith}, F.~G.
	},
    title = "{Correlation of the scattering and dispersion events in the Crab Nebula pulsar}",
  journal = {\aap},
archivePrefix = "arXiv",
   eprint = {0802.4424},
 keywords = {pulsars: general, pulsars: individual: Crab, ISM: supernova remnants},
     year = 2008,
    month = may,
   volume = 483,
    pages = {13-14},
      doi = {10.1051/0004-6361:20079211},
   adsurl = {http://adsabs.harvard.edu/abs/2008A%26A...483...13K},
  adsnote = {Provided by the SAO/NASA Astrophysics Data System}
}

@ARTICLE{2015A&A...575A.118O,
   author = {{Oppermann}, N. and {Junklewitz}, H. and {Greiner}, M. and {En{\ss}lin}, T.~A. and 
	{Akahori}, T. and {Carretti}, E. and {Gaensler}, B.~M. and {Goobar}, A. and 
	{Harvey-Smith}, L. and {Johnston-Hollitt}, M. and {Pratley}, L. and 
	{Schnitzeler}, D.~H.~F.~M. and {Stil}, J.~M. and {Vacca}, V.
	},
    title = "{Estimating extragalactic Faraday rotation}",
  journal = {\aap},
archivePrefix = "arXiv",
   eprint = {1404.3701},
 primaryClass = "astro-ph.IM",
 keywords = {magnetic fields, methods: data analysis, ISM: magnetic fields},
     year = 2015,
    month = mar,
   volume = 575,
      eid = {A118},
    pages = {A118},
      doi = {10.1051/0004-6361/201423995},
   adsurl = {http://adsabs.harvard.edu/abs/2015A%26A...575A.118O},
  adsnote = {Provided by the SAO/NASA Astrophysics Data System}
}

